<record><leader>00000cas a2200000 a 4500</leader><controlfield tag="001">9754548</controlfield><controlfield tag="008">830729d1806180unyuwr ne      0    0eng c</controlfield><datafield ind1=" " ind2=" " tag="010"><subfield code="a">sn 83031060 </subfield></datafield><datafield ind1=" " ind2=" " tag="040"><subfield code="a">NPU</subfield><subfield code="b">eng</subfield><subfield code="c">NPU</subfield><subfield code="d">NPX</subfield><subfield code="d">NYS</subfield><subfield code="d">MGN</subfield><subfield code="d">MHN</subfield><subfield code="d">OCL</subfield><subfield code="d">OCLCQ</subfield><subfield code="d">OCLCF</subfield><subfield code="d">OCLCO</subfield></datafield><datafield ind1=" " ind2=" " tag="042"><subfield code="a">pcc</subfield></datafield><datafield ind1=" " ind2=" " tag="043"><subfield code="a">n-us-ny</subfield></datafield><datafield ind1="0" ind2=" " tag="130"><subfield code="a">Orange County Republican (Montgomery, N.Y.)</subfield></datafield><datafield ind1="1" ind2="0" tag="245"><subfield code="a">Orange County Republican.</subfield></datafield><datafield ind1=" " ind2=" " tag="260"><subfield code="a">Montgomery, N.Y. :</subfield><subfield code="b">Published for the Proprietors by Cyrus Beach, and Luther Pratt</subfield></datafield><datafield ind1=" " ind2=" " tag="300"><subfield code="a">v. ;</subfield><subfield code="c">45 cm.</subfield></datafield><datafield ind1=" " ind2=" " tag="310"><subfield code="a">Weekly</subfield></datafield><datafield ind1="0" ind2=" " tag="362"><subfield code="a">Vol. 1, no. 1 (May 6, 1806)-</subfield></datafield><datafield ind1=" " ind2=" " tag="500"><subfield code="a">Imprint varies: Printed and published for the Proprietors by Cyrus Beach, and Luther Pratt, &lt;1806&gt;; Cyrus Beach &amp; Co., &lt;1807&gt;; Cyrus Beach, &lt;1808&gt;.</subfield></datafield><datafield ind1=" " ind2=" " tag="500"><subfield code="a">Republican.</subfield></datafield><datafield ind1=" " ind2="0" tag="651"><subfield code="a">Montgomery (N.Y.)</subfield><subfield code="v">Newspapers.</subfield></datafield><datafield ind1=" " ind2="0" tag="651"><subfield code="a">Orange County (N.Y.)</subfield><subfield code="v">Newspapers.</subfield></datafield><datafield ind1=" " ind2="7" tag="655"><subfield code="a">Newspapers.</subfield><subfield code="2">fast</subfield><subfield code="0">(OCoLC)fst01423814</subfield></datafield><datafield ind1=" " ind2="7" tag="651"><subfield code="a">New York (State)</subfield><subfield code="z">Montgomery.</subfield><subfield code="2">fast</subfield><subfield code="0">(OCoLC)fst01221735</subfield></datafield><datafield ind1=" " ind2="7" tag="651"><subfield code="a">New York (State)</subfield><subfield code="z">Orange County.</subfield><subfield code="2">fast</subfield><subfield code="0">(OCoLC)fst01206784</subfield></datafield><datafield ind1="1" ind2=" " tag="700"><subfield code="a">Beach, Cyrus.</subfield></datafield><datafield ind1="1" ind2=" " tag="700"><subfield code="a">Pratt, Luther.</subfield></datafield><datafield ind1="1" ind2=" " tag="700"><subfield code="a">Tennery, Joseph.</subfield></datafield><datafield ind1=" " ind2=" " tag="752"><subfield code="a">United States</subfield><subfield code="b">New York</subfield><subfield code="c">Orange</subfield><subfield code="d">Montgomery.</subfield></datafield></record>